@misc{php-usage,
    title = {Usage statistics of PHP for websites},
    author = {W3Techs},
    note = {\url{https://w3techs.com/technologies/details/pl-php}},
    month= jul,
    year = {2021}
}

@misc{Magento,
    title = {Magento: eCommerce platforms.},
    note = {\url{https://magento.com/}},
    month= jul,
    year = {2021}
}

@misc{Prestashop,
    title = {PrestaShop: eCommerce platforms.},
    note = {\url{https://www.prestashop.com/en}},
    month= jul,
    year = {2021}
}

@misc{WordPress,
    title = {WordPress: OpenSource Content Management System.},
    note = {\url{https:// wordpress.com/}},
    month= jul,
    year = {2021}
}

@misc{Joomla,
    title = {Joom;a: OpenSource Content Management System.},
    note = {\url{https://www.joomla.org/}},
    month= jul,
    year = {2021}
}

@misc{Injection-attack,
    title = {Injection-attack.},
    note = {\url{https://lifars.com/2020/04/injection-attacks-explained/}},
    month= apr,
    year = {2020}
}

@misc{OWASP-top10,
    title = {OWASP Top 10 Security Risks and Vulnerabilities.},
    note = {\url{https://sucuri.net/guides/owasp-top-10-security-vulnerabilities-2021/}},
    month= apr,
    year = {2021}
}

@inproceedings{php-cpg,
  title={Efficient and flexible discovery of php application vulnerabilities},
  author={Backes, Michael and Rieck, Konrad and Skoruppa, Malte and Stock, Ben and Yamaguchi, Fabian},
  booktitle={2017 IEEE european symposium on security and privacy (EuroS\&P)},
  pages={334--349},
  year={2017},
  organization={IEEE}
}

@inproceedings{navex,
  title={NAVEX: Precise and Scalable Exploit Generation for Dynamic Web Applications},
  author={Alhuzali, Abeer and Gjomemo, Rigel and Eshete, Birhanu and Venkatakrishnan, VN},
  crossref={SEC18}
}

@inproceedings{blackwidow,
  title={Black Widow: Blackbox Data-driven Web Scanning},
  author={Benjamin Eriksson, Giancarlo Pellegrino and Andrei, Sabelfeld},
  crossref={SP21}
}

@inproceedings{Rivulet,
  title={Revealing Injection Vulnerabilities by Leveraging Existing Tests},
  author={Katherine Hough; Gebrehiwet Welearegai and Christian Hammer, Jonathan Bell},
  crossref={ICSE20}
}

@inproceedings{rips,
  title={Simulation of Built-in PHP Features for Precise Static Code Analysis},
  author={Johannes Dahse, Thorsten Holz},
  crossref={CCS14}
}

@inproceedings{enemy,
  title={Enemy of the State: A State-Aware Black-Box Web Vulnerability Scanner},
  author={Adam Doup√©, Ludovico Cavedon and Christopher Kruegel, Giovanni Vigna and Santa Barbara},
  crossref={CCS14}
}